

@InProceedings{Akazawa,
  author = 	 "Akazawa, S.",
  title = 	 "The scope of the {J}apanese information industry in the 1980s",
  editor =	 "Brown, K. R.",
  pages =	 "19-22",
  booktitle =	 "The challenge of information technology: Proceedings
		  of the forty-first FID (Federation Internationale de
		  Documentation) congress held in Hong Kong 13-16 September 1982",
  year =	 1983,
  publisher =	 "North Holland",
  address =	 "Amsterdam, New York, and Oxford"
}


@Booklet{ALA,
  title = 	 "Directions for library service to young adults",
  author =	 "{American Library Association, Young Adult Services Division, Services Statement Development Committee}",
  address =	 "Chicago",
  year =	 1978
}

@PhdThesis{Artioli,
  author = 	 "Artioli, Gilberto",
  title = 	 "Structural studies of the water molecules and hydrogen bonding in zeolites",
  school = 	 "University of Chicago",
  year = 	 1985
}


@Book{DeptAg,
  author = 	 {{U.S. Department of Agriculture}},
  title = 	 "Will there be enough food?  The 1981 yearbook of agriculture",
  publisher = 	 "Government Printing Office",
  year = 	 1981,
  address =	 "Washington, D.C."
}

@Book{ChicagoManual,
  author = 	 {{University of Chicago Press}},
  title = 	 "The Chicago Manual of Style",
  publisher = 	 "University of Chicago Press",
  year = 	 1982,
  address =	 "Chicago",
  edition =	 "13th"
}

@Book{Turabian,
  author = 	 "Turabian, Kate L.",
  title = 	 "A Manual for Writers of Term Papers, Theses, and Dissertations",
  publisher = 	 "University of Chicago Press",
  year = 	 1987,
  address =	 "Chicago",
  edition =	 "5th"
}

@Book{Strunk,
  author = 	 "Strunk, William Jr. and E. B. White",
  title = 	 "The Elements of Style",
  publisher = 	 "MacMillan Publishing Co.",
  year = 	 1979,
  address =	 "New York",
  edition =	 "3rd"
}

@Book{Greenberger,
  title = 	 "Networks for research and education: Sharing of computer and information resources nationwide",
  publisher = 	 "MIT Press",
  year = 	 1974,
  editor =	 "Greenberger, Martin and Julius Aronofsky and James L. McKenney and William F. Massy",
  address =	 "Cambridge"
}

@TechReport{Cohen,
  author = 	 "Cohen, B. G. F.",
  title = 	 "Human aspects in office automation",
  institution =  "National Institute for Occupational Safety and Health, Division of Biomedical and Behavioral Science",
  year = 	 1984,
  number =	 "NTIS, PB84-240738",
  address =	 "Cincinnati"
}

@Article{Jackson,
  author = 	 "Jackson, Richard",
  title = 	 "Running down the up-escalator: Regional inequality in Papua New Guinea",
  journal =	 "Australian Geographer",
  year =	 1979,
  volume =	 14,
  pages =	 "175-84",
  month =	 "May"
}

